<?xml version="1.0" encoding="UTF-8"?><collection xmlns="http://www.loc.gov/MARC21/slim"><record><leader>00553nam--2200145-i-4500</leader><controlfield tag="001">000008324</controlfield><controlfield tag="002">20161230</controlfield><controlfield tag="005">20161230201027</controlfield><controlfield tag="008">060222s1000------------r-----000-0-eng-d</controlfield><datafield ind1=" " ind2=" " tag="080"><subfield code="a">621.039.58</subfield></datafield><datafield ind1=" " ind2=" " tag="100"><subfield code="a">Candes, P.Et Vathaire, F.De</subfield></datafield><datafield ind1=" " ind2=" " tag="245"><subfield code="a">Determination des moyens techniques pour couvr ir les risques possibles lies aux activites nu cleaires rome, 18-19 juin, 1964</subfield></datafield><datafield ind1=" " ind2=" " tag="260"><subfield code="a">Journees Internationales D Etudes Energie Nuc Leaire Et Securite  11 P</subfield></datafield><datafield ind1=" " ind2=" " tag="490"><subfield code="a">Journees Internationales D Etudes  Energie Nuc Leaire Et Securite</subfield></datafield><datafield ind1=" " ind2=" " tag="852"><subfield code="a">27852</subfield></datafield></record></collection>